<?xml version="1.0" encoding="UTF-8"?><record xmlns="http://www.loc.gov/MARC21/slim" xmlns:cinclude="http://apache.org/cocoon/include/1.0" xmlns:zs="http://www.loc.gov/zing/srw/">
  <leader>00688cz  a2200169n  4500</leader>
  <controlfield tag="001">no 96017264 </controlfield>
  <controlfield tag="003">DLC</controlfield>
  <controlfield tag="005">19960715180737.2</controlfield>
  <controlfield tag="008">960403n| acannaab|          |a ana     c</controlfield>
  <datafield tag="010" ind1=" " ind2=" ">
    <subfield code="a">no 96017264 </subfield>
  </datafield>
  <datafield tag="035" ind1=" " ind2=" ">
    <subfield code="a">(OCoLC)oca04049098 </subfield>
  </datafield>
  <datafield tag="040" ind1=" " ind2=" ">
    <subfield code="a">NmU</subfield>
    <subfield code="c">NmU</subfield>
    <subfield code="d">DLC</subfield>
  </datafield>
  <datafield tag="110" ind1="2" ind2="0">
    <subfield code="a">CCETSW Cymru</subfield>
  </datafield>
  <datafield tag="410" ind1="2" ind2="0">
    <subfield code="a">Central Council for Education and Training in Social Work (Great Britain).</subfield>
    <subfield code="b">CCETSW Cymru</subfield>
  </datafield>
  <datafield tag="410" ind1="2" ind2="0">
    <subfield code="a">CCETSW Wales</subfield>
  </datafield>
  <datafield tag="670" ind1=" " ind2=" ">
    <subfield code="a">Gwaith cymdeithasol a'r iaith Gymraeg, 1994:</subfield>
    <subfield code="b">t.p. (CCETSW Cymru) p. 188 (CCETSW's organization has been changed and a separate coterminous management unit, CCETSW Cymru/Wales, established)</subfield>
  </datafield>
  <datafield tag="670" ind1=" " ind2=" ">
    <subfield code="a">Univ. of Wales--Cardiff Library (LIBERTAS)</subfield>
    <subfield code="b">(CCETSW Cymru)</subfield>
  </datafield>
</record>